<record><leader>00000cas a22000007a 4500</leader><controlfield tag="001">11060191</controlfield><controlfield tag="008">840816d187u188uiauwr ne      0    0eng d</controlfield><datafield ind1=" " ind2=" " tag="010"><subfield code="a">sn 84027358 </subfield></datafield><datafield ind1=" " ind2=" " tag="040"><subfield code="a">NPU</subfield><subfield code="b">eng</subfield><subfield code="c">NPU</subfield><subfield code="d">NPX</subfield><subfield code="d">INP</subfield><subfield code="d">OCLCQ</subfield></datafield><datafield ind1=" " ind2=" " tag="042"><subfield code="a">msc</subfield></datafield><datafield ind1="0" ind2="0" tag="245"><subfield code="a">Weekly Pella blade.</subfield></datafield><datafield ind1="1" ind2="3" tag="246"><subfield code="a">Weekly blade</subfield></datafield><datafield ind1="1" ind2="3" tag="246"><subfield code="a">Pella blade</subfield></datafield><datafield ind1=" " ind2=" " tag="260"><subfield code="a">Pella, Iowa :</subfield><subfield code="b">Cox &amp; Betzer</subfield></datafield><datafield ind1=" " ind2=" " tag="300"><subfield code="a">v.</subfield></datafield><datafield ind1=" " ind2=" " tag="310"><subfield code="a">Weekly</subfield></datafield><datafield ind1=" " ind2=" " tag="500"><subfield code="a">Publisher varies.</subfield></datafield><datafield ind1=" " ind2=" " tag="500"><subfield code="a">Editor: James H. Betzer, &lt;1876&gt;.</subfield></datafield><datafield ind1=" " ind2=" " tag="588"><subfield code="a">Description based on: Vol. 8, no. 43 (Jan. 15, 1873).</subfield></datafield><datafield ind1=" " ind2=" " tag="752"><subfield code="a">United States</subfield><subfield code="b">Iowa</subfield><subfield code="c">Marion</subfield><subfield code="d">Pella.</subfield></datafield><datafield ind1="0" ind2="0" tag="780"><subfield code="t">Pella semi-weekly blade</subfield><subfield code="w">(DLC)sn 88059553</subfield><subfield code="w">(OCoLC)15873403</subfield></datafield><datafield ind1="0" ind2="0" tag="785"><subfield code="t">Pella blade (Pella, Iowa : 1886)</subfield><subfield code="w">(DLC)sn 88059579</subfield></datafield><datafield ind1="1" ind2=" " tag="029"><subfield code="a">AU@</subfield><subfield code="b">000025788887</subfield></datafield></record>